@misc{Zen24,
  author = {{Zentraleinrichtung FUB-IT}},
  title = "{FUB-IT}",
  howpublished = "\url{https://www.it.fu-berlin.de/}",
  note = {Abgerufen: 2024-02-16},
  year = 2024
}
@book{TS06,
    author = {Thomas Schreiber, Achim Hoffmann},
	title = "{Sicherheit von Webanwendungen}",
	publisher = {Bundesamt für Sicherheit in der Informationstechnik},
	address = {Bonn},
	year = {2006},
}
@misc{Ama24,
  author = {{Amazon Web Services}},
  title = "{Was ist eine Webanwendung?}",
  howpublished = "\url{https://aws.amazon.com/de/what-is/web-application/}",
  note = {Abgerufen: 2024-02-26},
  year = 2024
}
@misc{Pet20,
  author = {{Pete LePage, Sam Richard}},
  title = "{Was ist eine Webanwendung?}",
  howpublished = "\url{https://web.dev/articles/what-are-pwas?hl=de}",
  note = {Abgerufen: 2024-02-26},
  year = 2020
}
@Article{San22,
	author = {Nico Sandfuchs},
	title = "{BibToGo – Der Digitale Bibliotheksausweis des Goethe-Instituts}",
	journal = {Bibliothek Forschung und Praxis},
	year = {2022},
	volume = {46},
	number = {1},
	pages = {15-19}
}
@misc{FUBa,
  author = {{FUB Verwaltung I\& Service}},
  title = "{Zugang zum Internet}",
  howpublished = "\url{https://www.geschkult.fu-berlin.de/service/itsupport/anleitungen/internetzugang/index.html}",
  note = {Abgerufen: 2024-07-12},
}
@misc{FUB23,
  author = {{FUB Profil}},
  title = "{Zahlen und Fakten}",
  howpublished = "\url{https://www.fu-berlin.de/universitaet/profil/zahlen/index.html}",
  note = {Abgerufen: 2023-07-12},
  year = 2023
}
@misc{ZEDAT18,
  author = {{ZEDAT}},
  title = "{{tip4u://056 Campusnetz Policy}}",
  howpublished = "\url{https://www.zedat.fu-berlin.de/tip4u_56.pdf}",
  note = {Abgerufen: 2024-07-12},
  year = 2018
}
@misc{ZEDAT24,
  author = {{ZEDAT}},
  title = "{{Server Infrasturctue (SI)}}",
  howpublished = "\url{https://www.zedat.fu-berlin.de/Server-Infrastructure}",
  note = {Abgerufen: 2024-07-19},
  year = 2024
}
@misc{Mic24,
  author = {{Microsoft}},
  title = "{{Visual Studio}}",
  howpublished = "\url{https://visualstudio.microsoft.com/de/}",
  note = {Abgerufen: 2024-07-19},
  year = 2024
}
@misc{MS23a,
  author = {{MSLearn}},
  title = "{{Übersicht über ASP.NET Core MVC}}",
  howpublished = "\url{https://learn.microsoft.com/de-de/aspnet/core/mvc/overview?view=aspnetcore-8.0}",
  note = {Abgerufen: 2024-07-19},
  year = 2023
}
@misc{MS23b,
  author = {{MSLearn}},
  title = "{{Übersicht über ASP.NET}}",
  howpublished = "\url{https://learn.microsoft.com/de-de/aspnet/overview}",
  note = {Abgerufen: 2024-07-19},
  year = 2023
}
@book{LF22,
    author = {Lutz Froehlich},
	title = "{PostgreSQL}",
	publisher = {Carl Hanser Verlag},
	address = {München},
	year = {2022},
}
@misc{MS23c,
  author = {{MSLearn}},
  title = "{{DbContext-Lebensdauer, -Konfiguration und -Initialisierung}}",
  howpublished = "\url{https://learn.microsoft.com/de-de/ef/core/dbcontext-configuration/}",
  note = {Abgerufen: 2024-07-19},
  year = 2023
}
@misc{MS23d,
  author = {{MSLearn}},
  title = "{{Entity Framework Core-Toolsreferenz – .NET Core-CLI}}",
  howpublished = "\url{https://learn.microsoft.com/de-de/ef/core/cli/dotnet}",
  note = {Abgerufen: 2024-07-19},
  year = 2023
}
@misc{MS24b,
  author = {{MSLearn}},
  title = "{{Einführung in Identity in ASP.NET Core}}",
  howpublished = "\url{https://learn.microsoft.com/de-de/aspnet/core/security/authentication/identity?view=aspnetcore-8.0&tabs=visual-studio}",
  note = {Abgerufen: 2024-07-19},
  year = 2024
}
@misc{MS24c,
  author = {{MSLearn}},
  title = "{{IdentityDbContext Klasse}}",
  howpublished = "\url{https://learn.microsoft.com/de-de/dotnet/api/microsoft.aspnetcore.identity.entityframeworkcore.identitydbcontext?view=aspnetcore-8.0}",
  note = {Abgerufen: 2024-07-19},
  year = 2024
}
@misc{npm24,
  author = {{npm}},
  title = "{{chart.js}}",
  howpublished = "\url{https://www.npmjs.com/package/chart.js}",
  note = {Abgerufen: 2024-07-19},
  year = 2024
}
@misc{Cha24,
  author = {{Chart.js}},
  title = "{{Chart.js}}",
  howpublished = "\url{https://www.chartjs.org/docs/latest/}",
  note = {Abgerufen: 2024-07-19},
  year = 2024
}
@misc{MS24a,
  author = {{MSLearn}},
  title = "{{DbContext Klasse}}",
  howpublished = "\url{https://learn.microsoft.com/de-de/dotnet/api/system.data.entity.dbcontext?view=entity-framework-6.2.0}",
  note = {Abgerufen: 2024-07-19},
  year = 2024
}
@book{Hue07,
    author = {Heinrich Huebscher},
	title = "{IT-Handbuch. IT-Systemelektroniker/-in Fachinformatiker/-in}",
	publisher = {Westermann Schroedel Schulbuchverlage},
	address = {Braunschweig},
	year = {2007},
}
@misc{cpl24,
  author = {{cplace}},
  title = "{{Single Source of Truth}}",
  howpublished = "\url{https://www.cplace.com/glossar/single-source-of-truth/}",
  note = {Abgerufen: 2024-08-13},
  year = 2024
}
@book{Sri23,
    author = {Anushka Srivastava},
	title = "{CRUD API}",
	publisher = {Jaypee University of Information Technology},
	address = {Solan},
	year = {2023},
}
@misc{MSL23e,
  author = {{MSLearn}},
  title = "{{Migrationsübersicht}}",
  howpublished = "\url{https://learn.microsoft.com/de-de/ef/core/managing-schemas/migrations/?tabs=dotnet-core-cli}",
  note = {Abgerufen: 2024-08-13},
  year = 2023
}
@misc{Joe23,
  author = {{Joe Köller}},
  title = "{{Was ist Active Directory (AD)? Der Verzeichnisdienst in Kurzfassung}}",
  howpublished = "\url{https://www.tenfold-security.com/wiki/active-directory/}",
  note = {Abgerufen: 2024-08-13},
  year = 2023
}